% ReferÃªncias:
@Article{h2020, 
author={D. {Soldani} and A. {Manzalini}}, 
journal={IEEE Vehicular Technology Magazine}, 
title={Horizon 2020 and Beyond: On the {5G} Operating System for a True Digital Society}, 
year={2015}, 
volume={10}, 
number={1}, 
pages={32-42}, 
doi={10.1109/MVT.2014.2380581}, 
ISSN={1556-6072}, 
month={Mar.}
}

@book{islR,
  author = {James, Gareth and Witten, Daniela and Hastie, Trevor and Tibshirani, Robert},
  isbn = {978-1-4614-7137-0},
  publisher = {Springer},
  series = {Springer Texts in Statistics},
  title = {An Introduction to Statistical Learning -- with Applications in R},
  volume = 103,
  year = 2013
}